@article{decap2015halvade,
  title={Halvade: scalable sequence analysis with MapReduce},
  author={Decap, Dries and Reumers, Joke and Herzeel, Charlotte and Costanza, Pascal and Fostier, Jan},
  journal={Bioinformatics},
  volume={31},
  number={15},
  pages={2482--2488},
  year={2015},
  publisher={Oxford Univ Press}
}

@article{auwera2013fastq,
  title={From FastQ data to high-confidence variant calls: the genome analysis toolkit best practices pipeline},
  author={Auwera, Geraldine A and Carneiro, Mauricio O and Hartl, Christopher and Poplin, Ryan and del Angel, Guillermo and Levy-Moonshine, Ami and Jordan, Tadeusz and Shakir, Khalid and Roazen, David and Thibault, Joel and others},
  journal={Current Protocols in Bioinformatics},
  pages={11--10},
  year={2013},
  publisher={Wiley Online Library}
}
